<record><leader>00000cas a22000007a 4500</leader><controlfield tag="001">18775118</controlfield><controlfield tag="008">881117d19531961pauwr ne      0    0eng d</controlfield><datafield ind1=" " ind2=" " tag="010"><subfield code="a">sn 88081006 </subfield></datafield><datafield ind1=" " ind2=" " tag="040"><subfield code="a">NPH</subfield><subfield code="b">eng</subfield><subfield code="c">NPH</subfield><subfield code="d">OCLCQ</subfield></datafield><datafield ind1=" " ind2=" " tag="042"><subfield code="a">msc</subfield></datafield><datafield ind1="0" ind2="0" tag="245"><subfield code="a">Tidioute observer.</subfield></datafield><datafield ind1=" " ind2=" " tag="260"><subfield code="a">Tidioute, Pa. :</subfield><subfield code="b">Warren Print. Co.,</subfield><subfield code="c">1953-1961.</subfield></datafield><datafield ind1=" " ind2=" " tag="300"><subfield code="a">v. :</subfield><subfield code="b">ill. ;</subfield><subfield code="c">44 cm.</subfield></datafield><datafield ind1=" " ind2=" " tag="310"><subfield code="a">Weekly</subfield></datafield><datafield ind1="0" ind2=" " tag="362"><subfield code="a">Vol. 21, no. 37 (June 18, 1953)-v. 30, no. 1 (Sept. 29, 1961).</subfield></datafield><datafield ind1=" " ind2=" " tag="752"><subfield code="a">United States</subfield><subfield code="b">Pennsylvania</subfield><subfield code="c">Warren</subfield><subfield code="d">Tidioute.</subfield></datafield><datafield ind1="0" ind2="0" tag="780"><subfield code="t">Tidioute news</subfield><subfield code="w">(DLC)sn 88081007</subfield></datafield><datafield ind1="0" ind2="4" tag="785"><subfield code="t">Warren County observer</subfield><subfield code="w">(DLC)sn 88079380</subfield></datafield></record>